@article{10.1214/09-SS054,
    author = {Sylvain Arlot and Alain Celisse},
    title = {{A survey of cross-validation procedures for model selection}},
    volume = {4},
    journal = {Statistics Surveys},
    number = {none},
    publisher = {Amer. Statist. Assoc., the Bernoulli Soc., the Inst. Math. Statist., and the Statist. Soc. Canada},
    pages = {40 -- 79},
    keywords = {cross-validation, leave-one-out, Model selection},
    year = {2010},
    doi = {10.1214/09-SS054},
    URL = {https://doi.org/10.1214/09-SS054}
    }

@misc{YYXian_2024,
    title={U.S. airline traffic data (2003-2023)},
    url={https://www.kaggle.com/datasets/yyxian/u-s-airline-traffic-data/data},
    journal={Kaggle},
    author={YYXian},
    year={2024},
    month={Jan},
    note = {Acessado: 22/03/2024}}

@article{scikit-learn,
  title={Scikit-learn: Machine Learning in {P}ython},
  author={Pedregosa, F. and Varoquaux, G. and Gramfort, A. and Michel, V.
          and Thirion, B. and Grisel, O. and Blondel, M. and Prettenhofer, P.
          and Weiss, R. and Dubourg, V. and Vanderplas, J. and Passos, A. and
          Cournapeau, D. and Brucher, M. and Perrot, M. and Duchesnay, E.},
  journal={Journal of Machine Learning Research},
  volume={12},
  pages={2825--2830},
  year={2011}
}