@article{scikit-learn,
  title={Scikit-learn: Machine Learning in {P}ython},
  author={Pedregosa, F. and Varoquaux, G. and Gramfort, A. and Michel, V.
          and Thirion, B. and Grisel, O. and Blondel, M. and Prettenhofer, P.
          and Weiss, R. and Dubourg, V. and Vanderplas, J. and Passos, A. and
          Cournapeau, D. and Brucher, M. and Perrot, M. and Duchesnay, E.},
  journal={Journal of Machine Learning Research},
  volume={12},
  pages={2825--2830},
  year={2011}
}

@misc{he2015deep,
  title={Deep residual learning for image recognition. CoRR abs/1512.03385 (2015)},
  author={He, Kaiming and Zhang, Xiangyu and Ren, Shaoqing and Sun, Jian},
  year={2015}
}

@book{causon2010introductory,
  title={Introductory finite difference methods for PDEs},
  author={Causon, DM and Mingham, CG},
  year={2010},
  publisher={Bookboon}
}

@book{burden2016analise,
  title={An{\'a}lise num{\'e}rica},
  author={Burden, Richard L and Faires, J Douglas and Burden, Annette M},
  year={2016},
  publisher={Cengage Learning}
}

@book{rosa2006engenharia,
  title={Engenharia de reservat{\'o}rios de petr{\'o}leo},
  author={Rosa, Adalberto Jos{\'e} and de Souza Carvalho, Renato and Xavier, Jos{\'e} Augusto Daniel},
  year={2006},
  publisher={Interci{\^e}ncia}
}

@article{gu2023deep,
  title={Deep neural networks for solving large linear systems arising from high-dimensional problems},
  author={Gu, Yiqi and Ng, Michael K},
  journal={SIAM Journal on Scientific Computing},
  volume={45},
  number={5},
  pages={A2356--A2381},
  year={2023},
  publisher={SIAM}
}

@article{cichocki1992neural,
  title={Neural networks for solving systems of linear equations and related problems},
  author={Cichocki, Andrzej and Unbehauen, Rolf},
  journal={IEEE Transactions on Circuits and Systems I: Fundamental Theory and Applications},
  volume={39},
  number={2},
  pages={124--138},
  year={1992},
  publisher={IEEE}
}

@article{xiao2018novel,
  title={A novel CNN-based Poisson solver for fluid simulation},
  author={Xiao, Xiangyun and Zhou, Yanqing and Wang, Hui and Yang, Xubo},
  journal={IEEE transactions on visualization and computer graphics},
  volume={26},
  number={3},
  pages={1454--1465},
  year={2018},
  publisher={IEEE}
}

@article{kontolati2024learning,
  title={Learning nonlinear operators in latent spaces for real-time predictions of complex dynamics in physical systems},
  author={Kontolati, Katiana and Goswami, Somdatta and Em Karniadakis, George and Shields, Michael D},
  journal={Nature Communications},
  volume={15},
  number={1},
  pages={5101},
  year={2024},
  publisher={Nature Publishing Group UK London}
}

@article{jiang2023neural,
  title={A neural network-based PDE solving algorithm with high precision},
  author={Jiang, Zichao and Jiang, Junyang and Yao, Qinghe and Yang, Gengchao},
  journal={Scientific Reports},
  volume={13},
  number={1},
  pages={4479},
  year={2023},
  publisher={Nature Publishing Group UK London}
}

@article{zhang2021dive,
  title={Dive into deep learning},
  author={Zhang, Aston and Lipton, Zachary C and Li, Mu and Smola, Alexander J},
  journal={arXiv preprint arXiv:2106.11342},
  year={2021}
}

@inproceedings{levit1989parallel,
  title={Parallel solution of pentadiagonal systems using generalized odd-even elimination},
  author={Levit, Creon},
  booktitle={Proceedings of the 1989 ACM/IEEE conference on Supercomputing},
  pages={333--336},
  year={1989}
}

@book{ivanov1998parallel,
  title={A parallel method for solving pentadiagonal systems of linear equations},
  author={Ivanov, Ivan G and Walshaw, Chris},
  volume={9},
  number={8},
  year={1998},
  publisher={CMS Press}
}

@article{carroll2021batched,
  title={A batched GPU methodology for numerical solutions of partial differential equations},
  author={Carroll, Enda and Gloster, Andrew and Bustamante, Miguel D and N{\'a}raigh, Lennon {\'O}'},
  journal={arXiv preprint arXiv:2107.05395},
  year={2021}
}