@article{acevedo2020dataset,
  title={A dataset of microscopic peripheral blood cell images for development of automatic recognition systems},
  author={Acevedo, Andrea and Merino Gonz{\'a}lez, Anna and Alf{\'e}rez Baquero, Edwin Santiago and Molina Borr{\'a}s, {\'A}ngel and Bold{\'u} Nebot, Laura and Rodellar Bened{\'e}, Jos{\'e}},
  journal={Data in brief},
  volume={30},
  number={article 105474},
  year={2020},
  publisher={Elsevier}
}

@article{yang2110v2,
  title={v2: A Large-Scale Lightweight Benchmark for 2D and 3D Biomedical Image Classification. arXiv 2021},
  author={Yang, J and Shi, R and Wei, D and Liu, Z and Zhao, L and Ke, B and Pfister, H and Ni, B MedMNIST},
  journal={arXiv preprint arXiv:2110.14795}
}

@misc{tensorflow2015-whitepaper,
title={ {TensorFlow}: Large-Scale Machine Learning on Heterogeneous Systems},
url={https://www.tensorflow.org/},
note={Software available from tensorflow.org},
author={
    Mart\'{\i}n~Abadi and
    Ashish~Agarwal and
    Paul~Barham and
    Eugene~Brevdo and
    Zhifeng~Chen and
    Craig~Citro and
    Greg~S.~Corrado and
    Andy~Davis and
    Jeffrey~Dean and
    Matthieu~Devin and
    Sanjay~Ghemawat and
    Ian~Goodfellow and
    Andrew~Harp and
    Geoffrey~Irving and
    Michael~Isard and
    Yangqing Jia and
    Rafal~Jozefowicz and
    Lukasz~Kaiser and
    Manjunath~Kudlur and
    Josh~Levenberg and
    Dandelion~Man\'{e} and
    Rajat~Monga and
    Sherry~Moore and
    Derek~Murray and
    Chris~Olah and
    Mike~Schuster and
    Jonathon~Shlens and
    Benoit~Steiner and
    Ilya~Sutskever and
    Kunal~Talwar and
    Paul~Tucker and
    Vincent~Vanhoucke and
    Vijay~Vasudevan and
    Fernanda~Vi\'{e}gas and
    Oriol~Vinyals and
    Pete~Warden and
    Martin~Wattenberg and
    Martin~Wicke and
    Yuan~Yu and
    Xiaoqiang~Zheng},
  year={2015},
}